<record><leader>00000cas a22000007a 4500</leader><controlfield tag="001">26281986</controlfield><controlfield tag="008">920729d19701975ctudn ne      0    0eng d</controlfield><datafield ind1=" " ind2=" " tag="010"><subfield code="a">sn 92051340 </subfield></datafield><datafield ind1=" " ind2=" " tag="040"><subfield code="a">CNW</subfield><subfield code="b">eng</subfield><subfield code="c">CNW</subfield><subfield code="d">OCLCQ</subfield></datafield><datafield ind1=" " ind2=" " tag="042"><subfield code="a">msc</subfield></datafield><datafield ind1="0" ind2="4" tag="245"><subfield code="a">The Groton news.</subfield></datafield><datafield ind1=" " ind2=" " tag="260"><subfield code="a">Groton, Conn. :</subfield><subfield code="b">Groton News</subfield></datafield><datafield ind1=" " ind2=" " tag="300"><subfield code="a">v.</subfield></datafield><datafield ind1=" " ind2=" " tag="310"><subfield code="a">Daily (except Sat., Sun. and holidays),</subfield><subfield code="b">Jan. 22-Sept. 12, 1975</subfield></datafield><datafield ind1=" " ind2=" " tag="321"><subfield code="a">Daily (except Sat., Sun. and holidays),</subfield><subfield code="b">1971-Mar. 1972</subfield></datafield><datafield ind1=" " ind2=" " tag="321"><subfield code="a">Daily (except Sun. and holidays),</subfield><subfield code="b">Apr. 1972-Jan. 21, 1975</subfield></datafield><datafield ind1="0" ind2=" " tag="362"><subfield code="a">Vol. 1, no. 1 (May 29, 1970)-v. 6, no. 75 (Sept. 12, 1975).</subfield></datafield><datafield ind1=" " ind2=" " tag="580"><subfield code="a">Issued with: Dolphin (Norwich, Conn.), &lt;May 19, 1972&gt;-1975.</subfield></datafield><datafield ind1=" " ind2="4" tag="651"><subfield code="a">Groton (Conn.)</subfield><subfield code="v">Newspapers.</subfield></datafield><datafield ind1=" " ind2="4" tag="651"><subfield code="a">Ledyard (Conn.)</subfield><subfield code="v">Newspapers.</subfield></datafield><datafield ind1=" " ind2="4" tag="651"><subfield code="a">Stonington (Conn.)</subfield><subfield code="v">Newspapers.</subfield></datafield><datafield ind1=" " ind2="4" tag="651"><subfield code="a">North Stonington (Conn.)</subfield><subfield code="v">Newspapers.</subfield></datafield><datafield ind1=" " ind2=" " tag="752"><subfield code="a">United States</subfield><subfield code="b">Connecticut</subfield><subfield code="c">New London</subfield><subfield code="d">Groton.</subfield></datafield><datafield ind1="1" ind2=" " tag="777"><subfield code="t">Dolphin (Norwich, Conn.)</subfield><subfield code="w">(DLC)sn 92051344</subfield><subfield code="w">(OCoLC)11413030</subfield></datafield><datafield ind1="0" ind2="0" tag="785"><subfield code="t">News (Groton, Conn.)</subfield><subfield code="w">(DLC)sn 92051341</subfield><subfield code="w">(OCoLC)26281902</subfield></datafield></record>